
@book{riehl_category_2017,
	title = {Category {Theory} in {Context}},
	isbn = {978-0-486-82080-4},
	publisher = {Dover},
	author = {Riehl, Emily},
	year = {2017},
}

@book{augustin_introduction_2014,
	title = {Introduction to imprecise probabilities},
	publisher = {John Wiley \& Sons},
	author = {Augustin, Thomas and Coolen, Frank P.A. and De Cooman, Gert and Troffaes, Matthias CM},
	year = {2014},
}

@book{miwa_solitons_2000,
	title = {Solitons: {Differential} {Equations}, {Symmetries} and {Infinite}-dimensional {Algebras}},
	volume = {135},
	publisher = {Cambridge University Press},
	author = {Miwa, Tetsuji and Jimbo, Michio and Jimbo, Michio and Date, E},
	year = {2000},
}

@book{arnold_mathematical_2013,
	title = {Mathematical {Methods} of {Classical} {Mechanics}},
	volume = {60},
	publisher = {Springer Science \& Business Media},
	author = {Arnol'd, Vladimir I.},
	year = {2013},
}

@book{beggs_quantum_2020,
	title = {Quantum {Riemannian} {Geometry}},
	publisher = {Springer},
	author = {Beggs, Edwin J. and Majid, Shahn},
	year = {2020},
}

@book{henneaux_quantization_1992,
	title = {Quantization of {Gauge} {Systems}},
	publisher = {Princeton university press},
	author = {Henneaux, Marc and Teitelboim, Claudio},
	year = {1992},
}

@book{hovey_model_2007,
	title = {Model {Categories}},
	number = {63},
	publisher = {American Mathematical Soc.},
	author = {Hovey, Mark},
	year = {2007},
}

@book{kelly_basic_1982,
	title = {Basic {Concepts} of {Enriched} {Category} {Theory}},
	volume = {64},
	publisher = {CUP Archive},
	author = {Kelly, Gregory M.},
	year = {1982},
}

@book{vovk_algorithmic_2005,
	title = {Algorithmic {Learning} in a {Random} {World}},
	publisher = {Springer Science \& Business Media},
	author = {Vovk, Vladimir and Gammerman, Alex and Shafer, Glenn},
	year = {2005},
}

@book{rangamani_holographic_2017,
	title = {Holographic {Entanglement} {Entropy}},
	publisher = {Springer},
	author = {Rangamani, Mukund and Takayanagi, Tadashi},
	year = {2017},
}

@book{mac_lane_categories_2013,
	title = {Categories for the {Working} {Mathematician}},
	volume = {5},
	publisher = {Springer Science \& Business Media},
	author = {Mac Lane, Saunders},
	year = {2013},
}

@book{johnstone_topos_2014,
	title = {Topos {Theory}},
	publisher = {Dover Publications},
	author = {Johnstone, Peter T.},
	year = {2014},
}

@book{amari_information_2016,
	title = {Information {Geometry} and {Its} {Applications}},
	publisher = {Springer Publishing Company, Incorporated},
	author = {Amari, Shun-ichi},
	year = {2016},
}

@book{misner_gravitation_2017,
	title = {Gravitation},
	publisher = {Princeton University Press},
	author = {Misner, Charles W. and Thorne, Kip S. and Wheeler, John A.},
	year = {2017},
}

@book{rovelli_covariant_2014,
	title = {Covariant {Loop} {Quantum} {Gravity}: {An} {Elementary} {Introduction} to {Quantum} {Gravity} and {Spinfoam} {Theory}},
	publisher = {Cambridge University Press},
	author = {Rovelli, Carlo and Vidotto, Francesca},
	year = {2014},
}

@book{sharpe_differential_2000,
	title = {Differential {Geometry}: {Cartan}'s {Generalization} of {Klein}'s {Erlangen} {Program}},
	volume = {166},
	publisher = {Springer Science \& Business Media},
	author = {Sharpe, Richard W.},
	year = {2000},
}

@book{baez_introduction_2014,
	title = {Introduction to {Algebraic} and {Constructive} {Quantum} {Field} {Theory}},
	publisher = {Princeton University Press},
	author = {Baez, John C. and Segal, Irving E. and Zhou, Zhengfang},
	year = {2014},
}

@book{bott_differential_1995,
	series = {Graduate {Texts} in {Mathematics}},
	title = {Differential {Forms} in {Algebraic} {Topology}},
	publisher = {Springer New York},
	author = {Bott, Raoul and Tu, Loring W.},
	year = {1995},
}

@book{the_univalent_foundations_program_homotopy_2013,
	address = {Institute for Advanced Study},
	title = {Homotopy {Type} {Theory}: {Univalent} {Foundations} of {Mathematics}},
	publisher = {https://homotopytypetheory.org/book},
	author = {{The Univalent Foundations Program}},
	year = {2013},
}

@book{blackadar_operator_2013,
	series = {Encyclopedia of {Mathematics}},
	title = {Operator {Algebras}: {Theory} of {C}*-{Algebras} and von {Neumann} {Algebras}},
	publisher = {Springer},
	author = {Blackadar, Bruce},
	year = {2013},
}

@book{capinski_measure_2013,
	title = {Measure, {Integral} and {Probability}},
	publisher = {Springer Science \& Business Media},
	author = {Capinski, Marek and Kopp, Peter E.},
	year = {2013},
}

@book{georgiev_theory_2015,
	title = {Theory of {Distributions}},
	publisher = {Springer},
	author = {Georgiev, Svetlin},
	year = {2015},
}

@book{rudolph_differential_2017,
	series = {Theoretical and {Mathematical} {Physics}},
	title = {Differential {Geometry} and {Mathematical} {Physics}: {Part} {II}. {Fibre} {Bundles}, {Topology} and {Gauge} {Fields}},
	publisher = {Springer},
	author = {Rudolph, Gerd and Schmidt, Matthias},
	year = {2017},
}

@book{schottenloher_mathematical_2008,
	series = {Lecture {Notes} in {Physics}},
	title = {A {Mathematical} {Introduction} to {Conformal} {Field} {Theory}},
	volume = {759},
	author = {Schottenloher, Martin},
	year = {2008},
}

@book{mcduff_introduction_2017,
	series = {Oxford {Graduate} {Texts} in {Mathematics}},
	title = {Introduction to {Symplectic} {Topology}},
	publisher = {Oxford University Press},
	author = {McDuff, Dusa and Salamon, Deitmar},
	year = {2017},
}

@book{baez_towards_2009,
	series = {{IMA} {Volumes} in {Mathematics} and its {Applications}},
	title = {Towards {Higher} {Categories}},
	volume = {152},
	publisher = {Springer},
	author = {Baez, John C. and May, Peter},
	year = {2009},
}

@book{kapranov_2-categories_1994,
	series = {Proc. {Sympos}. {Pure} {Math}.},
	title = {2-categories and {Zamolodchikov} {Tetrahedra} {Equations}},
	volume = {56},
	publisher = {Amer. Math. Soc., Providence, RI},
	author = {Kapranov, Mikhail. M. and Voevodsky, Vladimir A.},
	year = {1994},
}

@book{compere_advanced_2019,
	title = {Advanced {Lectures} on {General} {Relativity}},
	volume = {952},
	publisher = {Springer},
	author = {Comp√®re, Geoffrey},
	year = {2019},
}

@book{etingof_tensor_2016,
	title = {Tensor {Categories}},
	volume = {205},
	publisher = {American Mathematical Soc.},
	author = {Etingof, Pavel and Gelaki, Shlomo and Nikshych, Dmitri and Ostrik, Victor},
	year = {2016},
}

@book{mumford_red_1999,
	title = {The {Red} {Book} of {Varieties} and {Schemes}: {Includes} the {Michigan} {Lectures} (1974) on {Curves} and {Their} {Jacobians}},
	volume = {1358},
	publisher = {Springer Science \& Business Media},
	author = {Mumford, David},
	year = {1999},
}

@book{weibel_introduction_1994,
	series = {Cambridge {Studies} in {Advanced} {Mathematics}},
	title = {An {Introduction} to {Homological} {Algebra}},
	publisher = {Cambridge University Press},
	author = {Weibel, Charles A.},
	year = {1994},
}

@book{hilton_course_1997,
	title = {A {Course} in {Homological} {Algebra}},
	publisher = {Springer},
	author = {Hilton, Peter J. and Stammbach, Urs},
	year = {1997},
}

@book{brylinski_loop_1993,
	title = {Loop {Spaces}, {Characteristic} {Classes} and {Geometric} {Quantization}},
	publisher = {Birkhauser},
	author = {Brylinski, Jean-Luc},
	year = {1993},
}

@book{van_proeyen_supergravity_2012,
	title = {Supergravity},
	publisher = {Cambridge University Press},
	author = {Van Proeyen, Antoine and Freedman, Daniel},
	year = {2012},
}

@book{massey_basic_1991,
	title = {A {Basic} {Course} in {Algebraic} {Topology}},
	publisher = {Springer},
	author = {Massey, William S.},
	year = {1991},
}

@book{peskin_introduction_1995,
	title = {An {Introduction} to {Quantum} {Field} {Theory}},
	publisher = {Westview Press},
	author = {Peskin, Michael E. and Schroeder, Daniel V.},
	year = {1995},
}

@book{jeevanjee_introduction_2015,
	title = {An {Introduction} to {Tensors} and {Group} {Theory} for {Physicists}},
	publisher = {Birkhauser},
	author = {Jeevanjee, Nadir},
	year = {2015},
}

@book{choquet-bruhat_analysis_1991,
	title = {Analysis, {Manifolds} and {Physics}, {Part} 1: {Basics}},
	publisher = {North-Holland},
	author = {Choquet-Bruhat, Yvonne and DeWitt-Morette, Cecile and Dillard-Bleick, Margaret},
	year = {1991},
}

@book{choquet-bruhat_analysis_2000,
	title = {Analysis, {Manifolds} and {Physics}, {Part} 2},
	publisher = {North-Holland},
	author = {Choquet-Bruhat, Yvonne and DeWitt-Morette, Cecile},
	year = {2000},
}

@book{goldstein_classical_2002,
	title = {Classical {Mechanics}},
	publisher = {Pearson},
	author = {Goldstein, Herbet and Safko, John L. and Poole, Charles P.},
	year = {2002},
}

@book{cardin_elementary_2015,
	title = {Elementary {Symplectic} {Topology} and {Mechanics}},
	publisher = {Springer},
	author = {Cardin, Franco},
	year = {2015},
}

@book{greiner_field_1996,
	title = {Field {Quantization}},
	publisher = {Springer},
	author = {Greiner, Walter and Reinhardt, Joachim},
	year = {1996},
}

@book{greiner_quantum_2001,
	title = {Quantum {Mechanics}},
	publisher = {Springer},
	author = {Greiner, Walter},
	year = {2001},
}

@book{bransden_quantum_2000,
	title = {Quantum {Mechanics}},
	publisher = {Prentice Hall},
	author = {Bransden, B. H. and Joachain, Charles J.},
	year = {2000},
}

@book{radjavi_invariant_1973,
	title = {Invariant {Subspaces}},
	publisher = {Dover Publications},
	author = {Radjavi, Heydar and Rosenthal, Peter},
	year = {1973},
}

@book{karoubi_k-theory_1978,
	title = {K-{Theory}: {An} {Introduction}},
	publisher = {Springer},
	author = {Karoubi, Max},
	year = {1978},
}

@book{calaque_mathematical_2015,
	title = {Mathematical {Aspects} of {Quantum} {Field} {Theories}},
	publisher = {Springer},
	author = {Calaque, Damien and Strobl, Thomas},
	year = {2015},
}

@book{kolar_normal_1999,
	title = {Normal {Operations} in {Differential} {Geometry}},
	publisher = {Springer},
	author = {Kolar, Ivan and Michor, Peter W. and Slovak, Jan},
	year = {1999},
}

@book{sontz_principal_2015,
	title = {Principal {Bundles}: {The} {Classical} {Case}},
	publisher = {Springer},
	author = {Sontz, Stephen B.},
	year = {2015},
}

@book{sontz_principal_2015-1,
	title = {Principal {Bundles}: {The} {Quantum} {Case}},
	publisher = {Springer},
	author = {Sontz, Stephen B.},
	year = {2015},
}

@book{fulton_representation_2004,
	title = {Representation {Theory}: {A} {First} {Course}},
	publisher = {Springer},
	author = {Fulton, William and Harris, Joe},
	year = {2004},
}

@book{petersen_riemannian_2006,
	title = {Riemannian {Geometry}},
	publisher = {Springer},
	author = {Petersen, Peter},
	year = {2006},
}

@book{nash_topology_2011,
	title = {Topology and {Geometry} for {Physicists}},
	publisher = {Dover Publications},
	author = {Nash, Charles and Sen, Siddharta},
	year = {2011},
}

@book{anderson_variational_1992,
	title = {The {Variational} {Bicomplex}},
	author = {Anderson, Ian M.},
	year = {1992},
}

@article{cattaneo_introduction_2011,
	title = {Introduction to {Supergeometry}},
	volume = {23},
	number = {06},
	journal = {Reviews in Mathematical Physics},
	author = {Cattaneo, Aberto S. and Sch√§tz, Florian},
	year = {2011},
	pages = {669--690},
}

@article{robbin_maslov_1993,
	title = {The {Maslov} index for paths},
	volume = {32},
	number = {4},
	journal = {Topology},
	author = {Robbin, Joel and Salamon, Dietmar},
	year = {1993},
	pages = {827--844},
}

@article{moshayedi_4-manifold_2021,
	title = {4-{Manifold} {Topology}, {Donaldson}-{Witten} {Theory}, {Floer} {Homology} and {Higher} {Gauge} {Theory} {Methods} in the {BV}-{BFV} {Formalism}},
	author = {Moshayedi, Nima},
	year = {2021},
}

@inproceedings{witten_global_1985,
	title = {Global {Anomalies} in {String} {Theory}},
	booktitle = {Symposium on {Anomalies}, {Geometry}, {Topology}},
	author = {Witten, Edward},
	year = {1985},
}

@article{berezin_particle_1977,
	title = {Particle spin dynamics as the grassmann variant of classical mechanics},
	volume = {104},
	doi = {https://doi.org/10.1016/0003-4916(77)90335-9},
	number = {2},
	journal = {Annals of Physics},
	author = {Berezin, F. A. and Marinov, M. S.},
	year = {1977},
	pages = {336--362},
}

@article{dirac_generalized_1950,
	title = {Generalized {Hamiltonian} {Dynamics}},
	volume = {2},
	journal = {Canadian Journal of Mathematics},
	author = {Dirac, Paul A. M.},
	year = {1950},
	note = {Publisher: Cambridge University Press},
	pages = {129--148},
}

@article{vistoli_notes_2004,
	title = {Notes on {Grothendieck} {Topologies}, {Fibered} {Categories} and {Descent} {Theory}},
	journal = {arXiv:math/0412512},
	author = {Vistoli, Angelo},
	year = {2004},
}

@article{riehl_theory_2013,
	title = {The {Theory} and {Practice} of {Reedy} {Categories}},
	volume = {29},
	journal = {Theory and Applications of Categories},
	author = {Riehl, Emily and Verity, Dominic},
	year = {2013},
}

@article{riehl_homotopical_2019,
	title = {Homotopical {Categories}: {From} {Model} {Categories} to (infty, 1)-categories},
	author = {Riehl, Emily},
	year = {2019},
}

@article{takens_global_1979,
	title = {A {Global} {Version} of the {Inverse} {Problem} of the {Calculus} of {Variations}},
	volume = {14},
	number = {4},
	journal = {Journal of Differential Geometry},
	author = {Takens, Floris},
	year = {1979},
	note = {Publisher: Lehigh University},
	pages = {543--562},
}

@article{baez_convenient_2011,
	title = {Convenient {Categories} of {Smooth} {Spaces}},
	volume = {363},
	number = {11},
	journal = {Transactions of the American Mathematical Society},
	author = {Baez, John and Hoffnung, Alexander},
	year = {2011},
	pages = {5789--5825},
}

@article{baez_higher-dimensional_2003,
	title = {Higher-dimensional {Algebra} {VI}: {Lie} 2-algebras},
	author = {Baez, John C. and Crans, Alissa S.},
	year = {2003},
}

@article{baez_higher-dimensional_2003-1,
	title = {Higher-dimensional {Algebra} {V}: 2-groups},
	author = {Baez, John C. and Lauda, Aaron D.},
	year = {2003},
}

@article{witten_supersymmetry_1982,
	title = {Supersymmetry and {Morse} theory},
	volume = {17},
	number = {4},
	journal = {J. Diff. Geom},
	author = {Witten, Edward},
	year = {1982},
	pages = {661--692},
}

@phdthesis{schreiber_loop_2005,
	type = {{PhD} {Thesis}},
	title = {From {Loop} {Space} {Mechanics} to {Nonabelian} {Strings}},
	author = {Schreiber, Urs},
	year = {2005},
}

@article{baez_higher_2005,
	title = {Higher {Gauge} {Theory}},
	author = {Baez, John C. and Schreiber, Urs},
	year = {2005},
}

@article{master_why_2020,
	title = {Why is {Homology} so {Powerful}?},
	author = {Master, Jade},
	year = {2020},
}

@article{berg_pin_2001,
	title = {The {Pin} {Groups} in {Physics}: {C}, {P} {And} {T}},
	volume = {13},
	number = {08},
	journal = {Reviews in Mathematical Physics},
	author = {Berg, Marcus and DeWitt-Morette, C√©cile and Gwo, Shangjr and Kramer, Eric},
	year = {2001},
	pages = {953--1034},
}

@article{banerjee_clustering_2005,
	title = {Clustering with {Bregman} {Divergences}},
	volume = {6},
	journal = {Journal of Machine Learning Research},
	author = {Banerjee, Arindam and Merugu, Srujana and Dhillon, Inderjit S and Ghosh, Joydeep},
	year = {2005},
	pages = {1705--1749},
}

@article{boissonnat_bregman_2010,
	title = {Bregman {Voronoi} {Diagrams}},
	volume = {44},
	number = {2},
	journal = {Discrete \& Computational Geometry},
	author = {Boissonnat, Jean-Daniel and Nielsen, Frank and Nock, Richard},
	year = {2010},
	pages = {281--307},
}

@article{palais_symmetries_1997,
	title = {The {Symmetries} of {Solitons}},
	volume = {34},
	number = {4},
	journal = {Bulletin of the American Mathematical Society},
	author = {Palais, Richard},
	year = {1997},
	pages = {339--403},
}

@article{atiyah_topological_1988,
	title = {Topological {Quantum} {Field} {Theory}},
	volume = {68},
	journal = {Publications Math√©matiques de l'IH√âS},
	author = {Atiyah, Michael F.},
	year = {1988},
	pages = {175--186},
}

@article{eisert_quantification_2002,
	title = {On the {Quantification} of {Entanglement} in {Infinite}-dimensional {Quantum} {Systems}},
	volume = {35},
	number = {17},
	journal = {Journal of Physics A: Mathematical and General},
	author = {Eisert, Jens and Simon, Christoph and Plenio, Martin B.},
	year = {2002},
	pages = {3911--3923},
}

@phdthesis{tuybens_entanglement_2017,
	title = {Entanglement {Entropy} of {Gauge} {Theories}},
	school = {Ghent University},
	author = {Tuybens, Beno√Æt},
	year = {2017},
}

@article{zadeh_fuzzy_1965,
	title = {Fuzzy {Sets}},
	volume = {8},
	number = {3},
	journal = {Information and Control},
	author = {Zadeh, Lotfi A.},
	year = {1965},
	pages = {338--353},
}

@article{baez_categorified_2010,
	title = {Categorified {Symplectic} {Geometry} and the {Classical} {String}},
	volume = {293},
	journal = {Communications in Mathematical Physics},
	author = {Baez, John C. and Hoffnung, Alexander E. and Rogers, Christopher},
	year = {2010},
	pages = {701--725},
}

@article{rezk_model_2001,
	title = {A {Model} for the {Homotopy} {Theory} of {Homotopy} {Theory}},
	volume = {353},
	number = {3},
	journal = {Transactions of the American Mathematical Society},
	author = {Rezk, Charles},
	year = {2001},
	note = {Publisher: American Mathematical Society},
	pages = {973--1007},
}

@article{shafer_tutorial_2008,
	title = {A {Tutorial} on {Conformal} {Prediction}},
	volume = {9},
	journal = {J. Mach. Learn. Res.},
	author = {Shafer, Glenn and Vovk, Vladimir},
	year = {2008},
	pages = {371--421},
}

@inproceedings{chernozhukov_exact_2018,
	series = {Proceedings of {Machine} {Learning} {Research}},
	title = {Exact and {Robust} {Conformal} {Inference} {Methods} for {Predictive} {Machine} {Learning} with {Dependent} {Data}},
	volume = {75},
	booktitle = {Proceedings of the 31st {Conference} {On} {Learning} {Theory}},
	publisher = {PMLR},
	author = {Chernozhukov, Victor and W√ºthrich, Kaspar and Yinchu, Zhu},
	year = {2018},
	pages = {732--749},
}

@article{may_note_2005,
	title = {A {Note} on the {Splitting} {Principle}},
	volume = {153},
	number = {4},
	journal = {Topology and Its Applications},
	author = {May, Peter},
	year = {2005},
	pages = {605--609},
}

@article{crans_localizations_1998,
	title = {Localizations of {Transfors}},
	author = {Crans, Sjoerd E.},
	year = {1998},
}

@article{leinster_basic_1998,
	title = {Basic {Bicategories}},
	author = {Leinster, Tom},
	year = {1998},
}

@article{hoffnung_spans_2011,
	title = {Spans in 2-{Categories}: {A} {Monoidal} {Tricategory}},
	author = {Hoffnung, Alexander E.},
	year = {2011},
}

@article{cheng_periodic_2007,
	title = {The {Periodic} {Table} of n-categories for {Low} {Dimensions} {II}: {Degenerate} {Tricategories}},
	author = {Cheng, Eugenia and Gurski, Nick},
	year = {2007},
}

@article{sahinoglu_characterizing_2014,
	title = {Characterizing {Topological} {Order} with {Matrix} {Product} {Operators}},
	author = {≈ûahinoƒülu, Mehmet B. and Williamson, Dominic J. and Bultinck, Nick and Mari√´n, Michael and Haegeman, Jutho and Schuch, Norbert and Verstraete, Frank},
	year = {2014},
}

@article{williamson_matrix_2016,
	title = {Matrix {Product} {Operators} for {Symmetry}-protected {Topological} {Phases}: {Gauging} and {Edge} {Theories}},
	volume = {94},
	number = {20},
	journal = {Phys. Rev. B},
	author = {Williamson, Dominic J. and Bultinck, Nick and Mari√´n, Michael and ≈ûahinoƒülu, Mehmet B. and Haegeman, Jutho and Verstraete, Frank},
	year = {2016},
	note = {Publisher: American Physical Society},
}

@article{vidal_efficient_2003,
	title = {Efficient {Classical} {Simulation} of {Slightly} {Entangled} {Quantum} {Computations}},
	volume = {91},
	number = {14},
	journal = {Phys. Rev. Lett.},
	author = {Vidal, Guifr√©},
	year = {2003},
	note = {Publisher: American Physical Society},
}

@article{lauda_openclosed_2008,
	title = {Open‚Äìclosed {Strings}: {Two}-dimensional {Extended} {TQFTs} and {Frobenius} {Algebras}},
	volume = {155},
	number = {7},
	journal = {Topology and its Applications},
	author = {Lauda, Aaron D. and Pfeiffer, Hendryk},
	year = {2008},
	pages = {623--666},
}

@article{fiorenza_introduction_2004,
	title = {An {Introduction} to the {Batalin}-{Vilkovisky} {Formalism}},
	author = {Fiorenza, Domenico},
	year = {2004},
}

@article{cordes_lectures_1996,
	title = {Lectures on {2D} {Yang}-{Mills} {Theory}, {Equivariant} {Cohomology} and {Topological} {Field} {Theories}},
	author = {Cordes, Stefan and Moore, Gregory and Ramgoolam, Sanjaye},
	year = {1996},
}

@article{ferguson_theorem_1958,
	title = {A {Theorem} of {Looman}--{Menchoff}},
	author = {Ferguson, Donald C.},
	year = {1958},
}

@article{belgun_gauge_2024,
	title = {Gauge {Theory}},
	author = {Belgun, Florin},
	year = {2024},
}

@article{itskov_lie_2011,
	title = {Lie {Completion} of {Pseudogroups}},
	volume = {16},
	journal = {Transformation Groups},
	author = {Itskov, Vladimir and Olver, Peter J. and Valiquette, Francis},
	year = {2011},
	pages = {161--173},
}

@unpublished{borcherds_lie_2016,
	title = {Lie {Groups}},
	author = {Borcherds, Richard},
	year = {2016},
}

@article{losev_berezin_2007,
	title = {From {Berezin} {Integral} to {Batalin}-{Vilkovisky} {Formalism}: {A} {Mathematical} {Physicist}'s {Point} of {View}},
	author = {Losev, Andrei},
	year = {2007},
}

@article{witten_coadjoint_1988,
	title = {Coadjoint {Orbits} of the {Virasoro} {Group}},
	volume = {114},
	number = {1},
	journal = {Comm. Math. Phys.},
	author = {Witten, Edward},
	year = {1988},
	note = {Publisher: Springer},
	pages = {1--53},
}

@article{coleman_all_1967,
	title = {All {Possible} {Symmetries} of the {S}-matrix},
	volume = {159},
	journal = {Phys. Rev.},
	author = {Coleman, Sidney R. and Mandula, Jeffrey E.},
	year = {1967},
}

@article{riehl_monoidal_2013,
	title = {Monoidal {Algebraic} {Model} {Structures}},
	volume = {217},
	number = {6},
	journal = {Journal of Pure and Applied Algebra},
	author = {Riehl, Emily},
	year = {2013},
	note = {Publisher: Elsevier},
	pages = {1069--1104},
}

@article{moretti_mathematical_2016,
	title = {Mathematical {Foundations} of {Quantum} {Mechanics}: {An} {Advanced} {Short} {Course}},
	volume = {13},
	journal = {International Journal of Geometric Methods in Modern Physics},
	author = {Moretti, Valter},
	year = {2016},
}

@article{huang_locally_2022,
	title = {Locally {Cartesian} {Closed} {Categories}},
	journal = {arXiv preprint arXiv:2202.04543},
	author = {Huang, Xu},
	year = {2022},
}

@misc{miti_homotopy_2021,
	title = {Homotopy {Comomentum} {Maps} in {Multisymplectic} {Geometry}},
	author = {Miti, Antonio Michele},
	year = {2021},
	keywords = {Multisymplectic geometry},
}

@techreport{sandgren_moving_2006,
	title = {On {Moving} {Average} {Parameter} {Estimation}},
	number = {2006-022},
	institution = {Department of Information Technology, Uppsala University},
	author = {Sandgren, Niclas and Stoica, Petre},
	year = {2006},
}

@techreport{roberts_spontaneously_1974,
	title = {Spontaneously {Broken} {Gauge} {Symmetries} and {Superselection} {Rules}},
	author = {Roberts, John E.},
	year = {1974},
}

@unpublished{sanders_commutative_2012,
	title = {Commutative {Spectral} {Triples} \& {The} {Spectral} {Reconstruction} {Theorem}},
	author = {Sanders, Richard},
	year = {2012},
}

@misc{gallier_clifford_2008,
	title = {Clifford {Algebras}, {Clifford} {Groups}, and a {Generalization} of the {Quaternions}},
	author = {Gallier, Jean},
	year = {2008},
}

@misc{stachura_short_2013,
	title = {Short and {Biased} {Introduction} to {Groupoids}},
	author = {Stachura, Piotr},
	year = {2013},
}

@misc{schuller_lectures_2016,
	title = {Lectures on the {Geometric} {Anatomy} of {Theoretical} {Physics}},
	url = {https://www.youtube.com/channel/UC6SaWe7xeOp31Vo8cQG1oXw},
	author = {Schuller, Frederic},
	year = {2016},
}

@unpublished{amini_infinite-dimensional_2014,
	title = {Infinite-{Dimensional} {Lie} {Algebras}},
	url = {https://people.kth.se/ namini/PartIIIEssay.pdf},
	author = {Amini, Nima},
	year = {2014},
}

@misc{selinger_lecture_2008,
	title = {Lecture {Notes} on {Lambda} {Calculus}},
	author = {Selinger, Peter},
	year = {2008},
}

@misc{hitchin_lectures_1999,
	title = {Lectures on {Special} {Lagrangian} {Submanifolds}},
	url = {https://arxiv.org/abs/math/9907034v1},
	author = {Hitchin, Nigel},
	year = {1999},
}

@misc{caramello_lectures_2019,
	title = {Lectures on {Topos} {Theory} at the {University} of {Insubria}.},
	url = {https://www.oliviacaramello.com/Teaching/Teaching.htm},
	author = {Caramello, Olivia},
	year = {2019},
}

@unpublished{sorensen_introduction_2017,
	title = {An {Introduction} to {Characteristic} {Classes}},
	url = {http://derekhsorensen.com/docs/sorensen-characteristic-classes.pdf},
	author = {Sorensen, Derek},
	year = {2017},
}

@misc{debray_characteristic_2018,
	title = {Characteristic {Classes}},
	url = {https://web.ma.utexas.edu/users/a.debray/lecture_notes/u17_characteristic_classes.pdf},
	author = {Debray, Arun},
	year = {2018},
}

@techreport{shewchuk_introduction_1994,
	title = {An {Introduction} to the {Conjugate} {Gradient} {Method} {Without} the {Agonizing} {Pain}},
	institution = {Carnegie Mellon University},
	author = {Shewchuk, Jonathan R.},
	year = {1994},
}

@misc{lambrechts_gentle_2013,
	title = {A {Gentle} {Introduction} on {Homotopy} {Limits} and {Colimits}},
	url = {https://mysite.science.uottawa.ca/pjacqmin/PrimerHolimHocolim-19sept2013.pdf},
	author = {Lambrechts, Pascal},
	year = {2013},
}

@misc{tiee_contravariance_2006,
	title = {Contravariance, {Covariance}, {Densities}, and all {That}: {An} {Informal} {Discussion} on {Tensor} {Calculus}},
	url = {https://ccom.ucsd.edu/ ctiee/notes/tensors.pdf},
	author = {Tiee, Chris},
	year = {2006},
}

@misc{riehl_homotopy_2011,
	title = {Homotopy ({Limits} and) {Colimits}},
	url = {http://www.math.jhu.edu/ eriehl/hocolimits.pdf},
	author = {Riehl, Emily},
	year = {2011},
}

@misc{gathmann_algebraic_2019,
	title = {Algebraic {Geometry}},
	url = {https://www.mathematik.uni-kl.de/ gathmann/class/alggeom-2019/alggeom-2019.pdf},
	author = {Gathmann, Andreas},
	year = {2019},
}

@misc{merry_algebraic_2018,
	title = {Algebraic {Topology}},
	url = {https://www2.math.ethz.ch/will-merry/files/Merry%20-%20Algebraic%20Topology%20(2018).pdf},
	author = {Merry, Will J.},
	year = {2018},
	note = {https://www.merry.io/algebraic-topology},
}

@misc{collaborators_stacks_2008,
	title = {Stacks {Project}},
	url = {https://stacks.math.columbia.edu/},
	author = {{Collaborators}},
	year = {2008},
}

@misc{schreiber_nlab_2008,
	title = {The {nLab}},
	url = {https://ncatlab.org/nlab},
	author = {Schreiber, Urs},
	year = {2008},
}

@mastersthesis{nuiten_cohomological_2013,
	title = {Cohomological quantization of local prequantum boundary field theory},
	author = {Nuiten, Joost},
	year = {2013},
}

@article{lyre_berry_2014,
	title = {Berry phase and quantum structure},
	volume = {48},
	issn = {1355-2198},
	url = {https://www.sciencedirect.com/science/article/pii/S1355219814000975},
	doi = {10.1016/j.shpsb.2014.08.013},
	journal = {Studies in History and Philosophy of Science Part B: Studies in History and Philosophy of Modern Physics},
	author = {Lyre, Holger},
	year = {2014},
	keywords = {Berry phase, Fiber bundle, Minimal quantum structure, Ontic structural realism, Projective Hilbert space},
	pages = {45--51},
}

@article{iliev_normal_2006,
	title = {Normal frames for general connections on differentiable fibre bundles},
	volume = {56},
	issn = {0393-0440},
	url = {https://www.sciencedirect.com/science/article/pii/S0393044005000744},
	doi = {10.1016/j.geomphys.2005.04.018},
	number = {5},
	journal = {Journal of Geometry and Physics},
	author = {Iliev, Bozhidar Z.},
	year = {2006},
	keywords = {Adapted frames, Coefficients of (linear) connection, Connections on bundles, Covariant derivatives, Linear connection, Normal coordinates, Normal frames, Specialized frames},
	pages = {780--812},
}

@book{loregian_coend_2021,
	address = {Cambridge},
	series = {London {Mathematical} {Society} {Lecture} {Note} {Series}},
	title = {({Co})end {Calculus}},
	isbn = {978-1-108-74612-0},
	url = {https://www.cambridge.org/core/product/C662E90767358B336F17B606D19D8C43},
	publisher = {Cambridge University Press},
	author = {Loregian, Fosco},
	year = {2021},
	doi = {10.1017/9781108778657},
}

@inproceedings{chu_probability_2019,
	title = {Probability functional descent: {A} unifying perspective on gans, variational inference, and reinforcement learning},
	isbn = {2640-3498},
	publisher = {PMLR},
	author = {Chu, Casey and Blanchet, Jose and Glynn, Peter},
	year = {2019},
	pages = {1213--1222},
}
